%YAML 1.1
%TAG !u! tag:unity3d.com,2011:
--- !u!1 &7678751598593095945
GameObject:
  m_ObjectHideFlags: 0
  m_CorrespondingSourceObject: {fileID: 0}
  m_PrefabInstance: {fileID: 0}
  m_PrefabAsset: {fileID: 0}
  serializedVersion: 6
  m_Component:
  - component: {fileID: 2473562869412137744}
  - component: {fileID: 5764590975918383886}
  - component: {fileID: 1716562061659323376}
  - component: {fileID: 1426070337488929888}
  - component: {fileID: 1614543447582672178}
  - component: {fileID: 863742028186540015}
  - component: {fileID: 7770303203987514249}
  m_Layer: 0
  m_Name: Rope
  m_TagString: Untagged
  m_Icon: {fileID: 0}
  m_NavMeshLayer: 0
  m_StaticEditorFlags: 0
  m_IsActive: 1
--- !u!4 &2473562869412137744
Transform:
  m_ObjectHideFlags: 0
  m_CorrespondingSourceObject: {fileID: 0}
  m_PrefabInstance: {fileID: 0}
  m_PrefabAsset: {fileID: 0}
  m_GameObject: {fileID: 7678751598593095945}
  m_LocalRotation: {x: 0, y: 0, z: 0, w: 1}
  m_LocalPosition: {x: 0, y: 0, z: 0}
  m_LocalScale: {x: 1, y: 1, z: 1}
  m_ConstrainProportionsScale: 0
  m_Children:
  - {fileID: 6388712663121084000}
  - {fileID: 3400941765050580213}
  m_Father: {fileID: 0}
  m_RootOrder: 0
  m_LocalEulerAnglesHint: {x: 0, y: 0, z: 0}
--- !u!114 &5764590975918383886
MonoBehaviour:
  m_ObjectHideFlags: 0
  m_CorrespondingSourceObject: {fileID: 0}
  m_PrefabInstance: {fileID: 0}
  m_PrefabAsset: {fileID: 0}
  m_GameObject: {fileID: 7678751598593095945}
  m_Enabled: 1
  m_EditorHideFlags: 0
  m_Script: {fileID: 11500000, guid: 14d97172f5758dd40820afaf2a70ae65, type: 3}
  m_Name: 
  m_EditorClassIdentifier: 
  ropeSpace: {fileID: 6388712663121084000}
  segmentPrefab: {fileID: 751459985574192560, guid: bef51256eef012e409001e8d920d9c6d, type: 3}
  endSegmentPrefab: {fileID: 5651073923276365515, guid: f6c9a06935414f941bb89ff0c349d851, type: 3}
  maxSegmentsToSpawn: 50
  ropeNormalizedSpawnPoint: 1
  ropeSpawnPointBias: -0.01
  shouldUseTubeRenderer: 1
  onSegmentsDestabilised:
    m_PersistentCalls:
      m_Calls: []
--- !u!114 &1716562061659323376
MonoBehaviour:
  m_ObjectHideFlags: 0
  m_CorrespondingSourceObject: {fileID: 0}
  m_PrefabInstance: {fileID: 0}
  m_PrefabAsset: {fileID: 0}
  m_GameObject: {fileID: 7678751598593095945}
  m_Enabled: 1
  m_EditorHideFlags: 0
  m_Script: {fileID: 11500000, guid: d831a6544daa8a1439885d7ce5898fa7, type: 3}
  m_Name: 
  m_EditorClassIdentifier: 
  alpha: 0.5
  splineDetailLevel: 6
  endCapBias: 0.01
  endCapBiasSpread: 10
--- !u!33 &1426070337488929888
MeshFilter:
  m_ObjectHideFlags: 0
  m_CorrespondingSourceObject: {fileID: 0}
  m_PrefabInstance: {fileID: 0}
  m_PrefabAsset: {fileID: 0}
  m_GameObject: {fileID: 7678751598593095945}
  m_Mesh: {fileID: 0}
--- !u!23 &1614543447582672178
MeshRenderer:
  m_ObjectHideFlags: 0
  m_CorrespondingSourceObject: {fileID: 0}
  m_PrefabInstance: {fileID: 0}
  m_PrefabAsset: {fileID: 0}
  m_GameObject: {fileID: 7678751598593095945}
  m_Enabled: 1
  m_CastShadows: 1
  m_ReceiveShadows: 1
  m_DynamicOccludee: 1
  m_StaticShadowCaster: 0
  m_MotionVectors: 1
  m_LightProbeUsage: 1
  m_ReflectionProbeUsage: 1
  m_RayTracingMode: 2
  m_RayTraceProcedural: 0
  m_RenderingLayerMask: 1
  m_RendererPriority: 0
  m_Materials:
  - {fileID: 2100000, guid: a304b43122cf8ad4f9b6db0bfcc7fb8e, type: 2}
  m_StaticBatchInfo:
    firstSubMesh: 0
    subMeshCount: 0
  m_StaticBatchRoot: {fileID: 0}
  m_ProbeAnchor: {fileID: 0}
  m_LightProbeVolumeOverride: {fileID: 0}
  m_ScaleInLightmap: 1
  m_ReceiveGI: 1
  m_PreserveUVs: 0
  m_IgnoreNormalsForChartDetection: 0
  m_ImportantGI: 0
  m_StitchLightmapSeams: 1
  m_SelectedEditorRenderState: 3
  m_MinimumChartSize: 4
  m_AutoUVMaxDistance: 0.5
  m_AutoUVMaxAngle: 89
  m_LightmapParameters: {fileID: 0}
  m_SortingLayerID: 0
  m_SortingLayer: 0
  m_SortingOrder: 0
  m_AdditionalVertexStreams: {fileID: 0}
--- !u!114 &863742028186540015
MonoBehaviour:
  m_ObjectHideFlags: 0
  m_CorrespondingSourceObject: {fileID: 0}
  m_PrefabInstance: {fileID: 0}
  m_PrefabAsset: {fileID: 0}
  m_GameObject: {fileID: 7678751598593095945}
  m_Enabled: 1
  m_EditorHideFlags: 0
  m_Script: {fileID: 11500000, guid: a80434e96f9d6b54c82f108cb0e59171, type: 3}
  m_Name: 
  m_EditorClassIdentifier: 
  material: {fileID: 2100000, guid: a304b43122cf8ad4f9b6db0bfcc7fb8e, type: 2}
  crossSegments: 8
  useMeshCollision: 0
  endOffsetBias: 0.69
--- !u!114 &7770303203987514249
MonoBehaviour:
  m_ObjectHideFlags: 0
  m_CorrespondingSourceObject: {fileID: 0}
  m_PrefabInstance: {fileID: 0}
  m_PrefabAsset: {fileID: 0}
  m_GameObject: {fileID: 7678751598593095945}
  m_Enabled: 1
  m_EditorHideFlags: 0
  m_Script: {fileID: 11500000, guid: 999eb1e2912a4ff4e8227f1b004697b5, type: 3}
  m_Name: 
  m_EditorClassIdentifier: 
  numRecordedRows: 512
  recordingLabel: 0
  recordingsCsvPathFmt:
  - MLData
  - '{0}'
--- !u!1 &8976069010237511347
GameObject:
  m_ObjectHideFlags: 0
  m_CorrespondingSourceObject: {fileID: 0}
  m_PrefabInstance: {fileID: 0}
  m_PrefabAsset: {fileID: 0}
  serializedVersion: 6
  m_Component:
  - component: {fileID: 6388712663121084000}
  m_Layer: 0
  m_Name: RopeSpace
  m_TagString: Untagged
  m_Icon: {fileID: 0}
  m_NavMeshLayer: 0
  m_StaticEditorFlags: 0
  m_IsActive: 1
--- !u!4 &6388712663121084000
Transform:
  m_ObjectHideFlags: 0
  m_CorrespondingSourceObject: {fileID: 0}
  m_PrefabInstance: {fileID: 0}
  m_PrefabAsset: {fileID: 0}
  m_GameObject: {fileID: 8976069010237511347}
  m_LocalRotation: {x: 0, y: 0, z: 0, w: 1}
  m_LocalPosition: {x: 0, y: 0, z: 0}
  m_LocalScale: {x: 1, y: 1, z: 1}
  m_ConstrainProportionsScale: 0
  m_Children: []
  m_Father: {fileID: 2473562869412137744}
  m_RootOrder: 0
  m_LocalEulerAnglesHint: {x: 0, y: 0, z: 0}
--- !u!1001 &8387608815904360348
PrefabInstance:
  m_ObjectHideFlags: 0
  serializedVersion: 2
  m_Modification:
    m_TransformParent: {fileID: 2473562869412137744}
    m_Modifications:
    - target: {fileID: 2395444538012669727, guid: b93d052417b329247b0a128fe537f9a0, type: 3}
      propertyPath: _whenSelected.m_PersistentCalls.m_Calls.Array.size
      value: 2
      objectReference: {fileID: 0}
    - target: {fileID: 2395444538012669727, guid: b93d052417b329247b0a128fe537f9a0, type: 3}
      propertyPath: _whenSelected.m_PersistentCalls.m_Calls.Array.data[1].m_Mode
      value: 4
      objectReference: {fileID: 0}
    - target: {fileID: 2395444538012669727, guid: b93d052417b329247b0a128fe537f9a0, type: 3}
      propertyPath: _whenSelected.m_PersistentCalls.m_Calls.Array.data[1].m_Target
      value: 
      objectReference: {fileID: 5764590975918383886}
    - target: {fileID: 2395444538012669727, guid: b93d052417b329247b0a128fe537f9a0, type: 3}
      propertyPath: _whenSelected.m_PersistentCalls.m_Calls.Array.data[1].m_CallState
      value: 2
      objectReference: {fileID: 0}
    - target: {fileID: 2395444538012669727, guid: b93d052417b329247b0a128fe537f9a0, type: 3}
      propertyPath: _whenSelected.m_PersistentCalls.m_Calls.Array.data[1].m_MethodName
      value: OnEditLength_minus1plus1
      objectReference: {fileID: 0}
    - target: {fileID: 2395444538012669727, guid: b93d052417b329247b0a128fe537f9a0, type: 3}
      propertyPath: _whenSelected.m_PersistentCalls.m_Calls.Array.data[1].m_TargetAssemblyTypeName
      value: RopeKnotsProjects.Core.RopeController, RopeKnotsProjects.Core
      objectReference: {fileID: 0}
    - target: {fileID: 2395444538012669727, guid: b93d052417b329247b0a128fe537f9a0, type: 3}
      propertyPath: _whenSelected.m_PersistentCalls.m_Calls.Array.data[1].m_Arguments.m_FloatArgument
      value: 1
      objectReference: {fileID: 0}
    - target: {fileID: 2395444538012669727, guid: b93d052417b329247b0a128fe537f9a0, type: 3}
      propertyPath: _whenSelected.m_PersistentCalls.m_Calls.Array.data[1].m_Arguments.m_ObjectArgumentAssemblyTypeName
      value: UnityEngine.Object, UnityEngine
      objectReference: {fileID: 0}
    - target: {fileID: 3772203721888479481, guid: b93d052417b329247b0a128fe537f9a0, type: 3}
      propertyPath: _whenSelected.m_PersistentCalls.m_Calls.Array.size
      value: 2
      objectReference: {fileID: 0}
    - target: {fileID: 3772203721888479481, guid: b93d052417b329247b0a128fe537f9a0, type: 3}
      propertyPath: _whenSelected.m_PersistentCalls.m_Calls.Array.data[1].m_Mode
      value: 4
      objectReference: {fileID: 0}
    - target: {fileID: 3772203721888479481, guid: b93d052417b329247b0a128fe537f9a0, type: 3}
      propertyPath: _whenSelected.m_PersistentCalls.m_Calls.Array.data[1].m_Target
      value: 
      objectReference: {fileID: 5764590975918383886}
    - target: {fileID: 3772203721888479481, guid: b93d052417b329247b0a128fe537f9a0, type: 3}
      propertyPath: _whenSelected.m_PersistentCalls.m_Calls.Array.data[1].m_CallState
      value: 2
      objectReference: {fileID: 0}
    - target: {fileID: 3772203721888479481, guid: b93d052417b329247b0a128fe537f9a0, type: 3}
      propertyPath: _whenSelected.m_PersistentCalls.m_Calls.Array.data[1].m_MethodName
      value: OnEditLength_minus1plus1
      objectReference: {fileID: 0}
    - target: {fileID: 3772203721888479481, guid: b93d052417b329247b0a128fe537f9a0, type: 3}
      propertyPath: _whenSelected.m_PersistentCalls.m_Calls.Array.data[1].m_TargetAssemblyTypeName
      value: RopeKnotsProjects.Core.RopeController, RopeKnotsProjects.Core
      objectReference: {fileID: 0}
    - target: {fileID: 3772203721888479481, guid: b93d052417b329247b0a128fe537f9a0, type: 3}
      propertyPath: _whenSelected.m_PersistentCalls.m_Calls.Array.data[1].m_Arguments.m_FloatArgument
      value: 1
      objectReference: {fileID: 0}
    - target: {fileID: 3772203721888479481, guid: b93d052417b329247b0a128fe537f9a0, type: 3}
      propertyPath: _whenSelected.m_PersistentCalls.m_Calls.Array.data[1].m_Arguments.m_ObjectArgumentAssemblyTypeName
      value: UnityEngine.Object, UnityEngine
      objectReference: {fileID: 0}
    - target: {fileID: 3772203722678123522, guid: b93d052417b329247b0a128fe537f9a0, type: 3}
      propertyPath: _whenSelected.m_PersistentCalls.m_Calls.Array.size
      value: 2
      objectReference: {fileID: 0}
    - target: {fileID: 3772203722678123522, guid: b93d052417b329247b0a128fe537f9a0, type: 3}
      propertyPath: _whenSelected.m_PersistentCalls.m_Calls.Array.data[1].m_Mode
      value: 4
      objectReference: {fileID: 0}
    - target: {fileID: 3772203722678123522, guid: b93d052417b329247b0a128fe537f9a0, type: 3}
      propertyPath: _whenSelected.m_PersistentCalls.m_Calls.Array.data[1].m_Target
      value: 
      objectReference: {fileID: 5764590975918383886}
    - target: {fileID: 3772203722678123522, guid: b93d052417b329247b0a128fe537f9a0, type: 3}
      propertyPath: _whenSelected.m_PersistentCalls.m_Calls.Array.data[1].m_CallState
      value: 2
      objectReference: {fileID: 0}
    - target: {fileID: 3772203722678123522, guid: b93d052417b329247b0a128fe537f9a0, type: 3}
      propertyPath: _whenSelected.m_PersistentCalls.m_Calls.Array.data[1].m_MethodName
      value: OnEditLength_minus1plus1
      objectReference: {fileID: 0}
    - target: {fileID: 3772203722678123522, guid: b93d052417b329247b0a128fe537f9a0, type: 3}
      propertyPath: _whenSelected.m_PersistentCalls.m_Calls.Array.data[1].m_TargetAssemblyTypeName
      value: RopeKnotsProjects.Core.RopeController, RopeKnotsProjects.Core
      objectReference: {fileID: 0}
    - target: {fileID: 3772203722678123522, guid: b93d052417b329247b0a128fe537f9a0, type: 3}
      propertyPath: _whenSelected.m_PersistentCalls.m_Calls.Array.data[1].m_Arguments.m_FloatArgument
      value: -1
      objectReference: {fileID: 0}
    - target: {fileID: 3772203722678123522, guid: b93d052417b329247b0a128fe537f9a0, type: 3}
      propertyPath: _whenSelected.m_PersistentCalls.m_Calls.Array.data[1].m_Arguments.m_ObjectArgumentAssemblyTypeName
      value: UnityEngine.Object, UnityEngine
      objectReference: {fileID: 0}
    - target: {fileID: 4575838886724860884, guid: b93d052417b329247b0a128fe537f9a0, type: 3}
      propertyPath: _whenSelected.m_PersistentCalls.m_Calls.Array.size
      value: 3
      objectReference: {fileID: 0}
    - target: {fileID: 4575838886724860884, guid: b93d052417b329247b0a128fe537f9a0, type: 3}
      propertyPath: _whenSelected.m_PersistentCalls.m_Calls.Array.data[1].m_Mode
      value: 1
      objectReference: {fileID: 0}
    - target: {fileID: 4575838886724860884, guid: b93d052417b329247b0a128fe537f9a0, type: 3}
      propertyPath: _whenSelected.m_PersistentCalls.m_Calls.Array.data[2].m_Mode
      value: 5
      objectReference: {fileID: 0}
    - target: {fileID: 4575838886724860884, guid: b93d052417b329247b0a128fe537f9a0, type: 3}
      propertyPath: _whenSelected.m_PersistentCalls.m_Calls.Array.data[1].m_Target
      value: 
      objectReference: {fileID: 1716562061659323376}
    - target: {fileID: 4575838886724860884, guid: b93d052417b329247b0a128fe537f9a0, type: 3}
      propertyPath: _whenSelected.m_PersistentCalls.m_Calls.Array.data[2].m_Target
      value: 
      objectReference: {fileID: 0}
    - target: {fileID: 4575838886724860884, guid: b93d052417b329247b0a128fe537f9a0, type: 3}
      propertyPath: _whenSelected.m_PersistentCalls.m_Calls.Array.data[1].m_CallState
      value: 2
      objectReference: {fileID: 0}
    - target: {fileID: 4575838886724860884, guid: b93d052417b329247b0a128fe537f9a0, type: 3}
      propertyPath: _whenSelected.m_PersistentCalls.m_Calls.Array.data[2].m_CallState
      value: 2
      objectReference: {fileID: 0}
    - target: {fileID: 4575838886724860884, guid: b93d052417b329247b0a128fe537f9a0, type: 3}
      propertyPath: _whenSelected.m_PersistentCalls.m_Calls.Array.data[1].m_MethodName
      value: RecordSplineGeneratedData
      objectReference: {fileID: 0}
    - target: {fileID: 4575838886724860884, guid: b93d052417b329247b0a128fe537f9a0, type: 3}
      propertyPath: _whenSelected.m_PersistentCalls.m_Calls.Array.data[2].m_MethodName
      value: set_text
      objectReference: {fileID: 0}
    - target: {fileID: 4575838886724860884, guid: b93d052417b329247b0a128fe537f9a0, type: 3}
      propertyPath: _whenSelected.m_PersistentCalls.m_Calls.Array.data[1].m_TargetAssemblyTypeName
      value: RopeKnotsProject.Core.RopeInterpolator, RopeKnotsProject.Core
      objectReference: {fileID: 0}
    - target: {fileID: 4575838886724860884, guid: b93d052417b329247b0a128fe537f9a0, type: 3}
      propertyPath: _whenSelected.m_PersistentCalls.m_Calls.Array.data[2].m_TargetAssemblyTypeName
      value: TMPro.TMP_Text, Unity.TextMeshPro
      objectReference: {fileID: 0}
    - target: {fileID: 4575838886724860884, guid: b93d052417b329247b0a128fe537f9a0, type: 3}
      propertyPath: _whenSelected.m_PersistentCalls.m_Calls.Array.data[2].m_Arguments.m_StringArgument
      value: 'Pose detected: ScissorsRight'
      objectReference: {fileID: 0}
    - target: {fileID: 4575838886724860884, guid: b93d052417b329247b0a128fe537f9a0, type: 3}
      propertyPath: _whenSelected.m_PersistentCalls.m_Calls.Array.data[1].m_Arguments.m_ObjectArgumentAssemblyTypeName
      value: UnityEngine.Object, UnityEngine
      objectReference: {fileID: 0}
    - target: {fileID: 4575838886724860884, guid: b93d052417b329247b0a128fe537f9a0, type: 3}
      propertyPath: _whenSelected.m_PersistentCalls.m_Calls.Array.data[2].m_Arguments.m_ObjectArgumentAssemblyTypeName
      value: UnityEngine.Object, UnityEngine
      objectReference: {fileID: 0}
    - target: {fileID: 6580980902871645033, guid: b93d052417b329247b0a128fe537f9a0, type: 3}
      propertyPath: m_RootOrder
      value: 1
      objectReference: {fileID: 0}
    - target: {fileID: 6580980902871645033, guid: b93d052417b329247b0a128fe537f9a0, type: 3}
      propertyPath: m_LocalPosition.x
      value: 0
      objectReference: {fileID: 0}
    - target: {fileID: 6580980902871645033, guid: b93d052417b329247b0a128fe537f9a0, type: 3}
      propertyPath: m_LocalPosition.y
      value: 0
      objectReference: {fileID: 0}
    - target: {fileID: 6580980902871645033, guid: b93d052417b329247b0a128fe537f9a0, type: 3}
      propertyPath: m_LocalPosition.z
      value: 0
      objectReference: {fileID: 0}
    - target: {fileID: 6580980902871645033, guid: b93d052417b329247b0a128fe537f9a0, type: 3}
      propertyPath: m_LocalRotation.w
      value: 1
      objectReference: {fileID: 0}
    - target: {fileID: 6580980902871645033, guid: b93d052417b329247b0a128fe537f9a0, type: 3}
      propertyPath: m_LocalRotation.x
      value: 0
      objectReference: {fileID: 0}
    - target: {fileID: 6580980902871645033, guid: b93d052417b329247b0a128fe537f9a0, type: 3}
      propertyPath: m_LocalRotation.y
      value: 0
      objectReference: {fileID: 0}
    - target: {fileID: 6580980902871645033, guid: b93d052417b329247b0a128fe537f9a0, type: 3}
      propertyPath: m_LocalRotation.z
      value: 0
      objectReference: {fileID: 0}
    - target: {fileID: 6580980902871645033, guid: b93d052417b329247b0a128fe537f9a0, type: 3}
      propertyPath: m_LocalEulerAnglesHint.x
      value: 0
      objectReference: {fileID: 0}
    - target: {fileID: 6580980902871645033, guid: b93d052417b329247b0a128fe537f9a0, type: 3}
      propertyPath: m_LocalEulerAnglesHint.y
      value: 0
      objectReference: {fileID: 0}
    - target: {fileID: 6580980902871645033, guid: b93d052417b329247b0a128fe537f9a0, type: 3}
      propertyPath: m_LocalEulerAnglesHint.z
      value: 0
      objectReference: {fileID: 0}
    - target: {fileID: 6580980902871645034, guid: b93d052417b329247b0a128fe537f9a0, type: 3}
      propertyPath: m_Name
      value: BasicPoseDetectionPoses Variant
      objectReference: {fileID: 0}
    - target: {fileID: 8066365585683998885, guid: b93d052417b329247b0a128fe537f9a0, type: 3}
      propertyPath: _whenSelected.m_PersistentCalls.m_Calls.Array.size
      value: 2
      objectReference: {fileID: 0}
    - target: {fileID: 8066365585683998885, guid: b93d052417b329247b0a128fe537f9a0, type: 3}
      propertyPath: _whenSelected.m_PersistentCalls.m_Calls.Array.data[1].m_Mode
      value: 4
      objectReference: {fileID: 0}
    - target: {fileID: 8066365585683998885, guid: b93d052417b329247b0a128fe537f9a0, type: 3}
      propertyPath: _whenSelected.m_PersistentCalls.m_Calls.Array.data[1].m_Target
      value: 
      objectReference: {fileID: 5764590975918383886}
    - target: {fileID: 8066365585683998885, guid: b93d052417b329247b0a128fe537f9a0, type: 3}
      propertyPath: _whenSelected.m_PersistentCalls.m_Calls.Array.data[1].m_CallState
      value: 2
      objectReference: {fileID: 0}
    - target: {fileID: 8066365585683998885, guid: b93d052417b329247b0a128fe537f9a0, type: 3}
      propertyPath: _whenSelected.m_PersistentCalls.m_Calls.Array.data[1].m_MethodName
      value: OnEditLength_minus1plus1
      objectReference: {fileID: 0}
    - target: {fileID: 8066365585683998885, guid: b93d052417b329247b0a128fe537f9a0, type: 3}
      propertyPath: _whenSelected.m_PersistentCalls.m_Calls.Array.data[1].m_TargetAssemblyTypeName
      value: RopeKnotsProjects.Core.RopeController, RopeKnotsProjects.Core
      objectReference: {fileID: 0}
    - target: {fileID: 8066365585683998885, guid: b93d052417b329247b0a128fe537f9a0, type: 3}
      propertyPath: _whenSelected.m_PersistentCalls.m_Calls.Array.data[1].m_Arguments.m_FloatArgument
      value: -1
      objectReference: {fileID: 0}
    - target: {fileID: 8066365585683998885, guid: b93d052417b329247b0a128fe537f9a0, type: 3}
      propertyPath: _whenSelected.m_PersistentCalls.m_Calls.Array.data[1].m_Arguments.m_ObjectArgumentAssemblyTypeName
      value: UnityEngine.Object, UnityEngine
      objectReference: {fileID: 0}
    m_RemovedComponents: []
  m_SourcePrefab: {fileID: 100100000, guid: b93d052417b329247b0a128fe537f9a0, type: 3}
--- !u!4 &3400941765050580213 stripped
Transform:
  m_CorrespondingSourceObject: {fileID: 6580980902871645033, guid: b93d052417b329247b0a128fe537f9a0, type: 3}
  m_PrefabInstance: {fileID: 8387608815904360348}
  m_PrefabAsset: {fileID: 0}
